@article{mainpaper,
	author={Simon Niklaus and Long Mai and Feng Liu},
	title={Video Frame Interpolation via Adaptive Separable Convolution},
	year={2017},
	journal={arXiv.com}
}

@article{optical_flow,
	author={Simon Baker and Daniel Scharstein and J.P. Lewis and Stefan Roth and Michael J. Black and Richard Szeliski},
	title={A Database and Evaluation Methodology for Optical Flow},
	year={2011}
}

@article{previous_work,
	author={Simon Niklaus and Long Mai and Feng Liu},
	title={Video Frame Interpolation via Adaptive Convolution},
	year={2017},
	journal={arXiv.com}
}